@book{strang:1988,
    author    = "Gilbert Strang",
    title     = "Linear Algebra and its Applications",
    year      = "1988",
    publisher = "Harcourt Brace",
    address   = "Massachusetts Institute of Technology"
}

@manual{arm:1995,
  title        = "ARM-7TDMI Data Sheet",
  author       = "Advanced RISC Machines Ltd.",
  year         = "1995"
}

@book{xavier:2021,
  author         = "Pedro M. Xavier",
  title          = "Computação II",
  address        = "Universidade Federal do Rio de Janeiro",
  publisher      = "?",
  year           = "2021"
}